<?xml version="1.0" encoding="UTF-8"?><collection xmlns="http://www.loc.gov/MARC21/slim"><record><leader>00467nam--2200181-u-4500</leader><controlfield tag="001">000056461</controlfield><controlfield tag="002">20161230</controlfield><controlfield tag="005">20170107173258</controlfield><controlfield tag="008">151023s1000------------r-----000-0-rus-d</controlfield><datafield ind1=" " ind2=" " tag="040"><subfield code="a">IFIN-HH</subfield></datafield><datafield ind1=" " ind2=" " tag="041"><subfield code="a">rus</subfield></datafield><datafield ind1=" " ind2=" " tag="080"><subfield code="a">539.12</subfield></datafield><datafield ind1="1" ind2=" " tag="110"><subfield code="a">Bilgarska Akademia Na Naukite</subfield></datafield><datafield ind1="1" ind2="0" tag="245"><subfield code="a">Teoreticena fizika i fizika na visokite energii</subfield></datafield><datafield ind1=" " ind2=" " tag="260"><subfield code="a">Sofia</subfield><subfield code="b">Bilgarska Akademia Na Naukite</subfield><subfield code="c">1988</subfield></datafield><datafield ind1=" " ind2=" " tag="300"><subfield code="a">255 p</subfield></datafield><datafield ind1=" " ind2=" " tag="852"><subfield code="a">74795</subfield></datafield><datafield ind1=" " ind2=" " tag="CAT"><subfield code="a">SYS</subfield><subfield code="c">20170107</subfield><subfield code="h">173258</subfield></datafield></record></collection>